<record><leader>00000cas a2200000 a 4500</leader><controlfield tag="001">9936377</controlfield><controlfield tag="008">830922d17811786mauwr ne      0    0eng c</controlfield><datafield ind1=" " ind2=" " tag="010"><subfield code="a">sn 83021197 </subfield></datafield><datafield ind1=" " ind2=" " tag="040"><subfield code="a">NPX</subfield><subfield code="b">eng</subfield><subfield code="c">NPX</subfield><subfield code="d">NPA</subfield><subfield code="d">NPU</subfield><subfield code="d">NPX</subfield><subfield code="d">DLC</subfield><subfield code="d">NJW</subfield><subfield code="d">KNP</subfield><subfield code="d">MFN</subfield><subfield code="d">YOX</subfield><subfield code="d">KNP</subfield><subfield code="d">MGN</subfield><subfield code="d">HUL</subfield><subfield code="d">CNK</subfield><subfield code="d">DLC</subfield><subfield code="d">FUG</subfield><subfield code="d">OCL</subfield><subfield code="d">CVF</subfield><subfield code="d">NYS</subfield><subfield code="d">DLC</subfield><subfield code="d">GUA</subfield><subfield code="d">OCLCG</subfield><subfield code="d">BUF</subfield><subfield code="d">KRTAS</subfield><subfield code="d">OCLCQ</subfield><subfield code="d">OCLCF</subfield><subfield code="d">OCLCO</subfield></datafield><datafield ind1="1" ind2=" " tag="029"><subfield code="a">AU@</subfield><subfield code="b">000020286416</subfield></datafield><datafield ind1=" " ind2=" " tag="042"><subfield code="a">pcc</subfield></datafield><datafield ind1=" " ind2=" " tag="043"><subfield code="a">n-us-ma</subfield></datafield><datafield ind1="0" ind2="0" tag="050"><subfield code="a">Newspaper</subfield></datafield><datafield ind1="1" ind2="4" tag="050"><subfield code="a">AP2.A2</subfield><subfield code="b">A63 Box 63</subfield></datafield><datafield ind1="0" ind2=" " tag="130"><subfield code="a">Thomas's Massachusetts spy, or, the Worcester gazette (Worcester, Mass. : 1781)</subfield></datafield><datafield ind1="1" ind2="0" tag="245"><subfield code="a">Thomas's Massachusetts spy, or, the Worcester gazette.</subfield></datafield><datafield ind1="1" ind2=" " tag="246"><subfield code="i">Issues for Apr. 11, 1782-Mar. 4, 1784 published as:</subfield><subfield code="a">Thomas's the Massachusetts spy, or, Worcester gazette</subfield></datafield><datafield ind1="1" ind2=" " tag="246"><subfield code="i">Issues for Mar. 11, 1784-Dec. 30, 1784 published as:</subfield><subfield code="a">Thomas's Massachusetts spy, or, Worcester gazette</subfield></datafield><datafield ind1="3" ind2="0" tag="246"><subfield code="a">Worcester gazette</subfield></datafield><datafield ind1=" " ind2=" " tag="260"><subfield code="a">Worcester, Mass. :</subfield><subfield code="b">I. Thomas,</subfield><subfield code="c">1781-1786.</subfield></datafield><datafield ind1=" " ind2=" " tag="300"><subfield code="a">6 v.</subfield></datafield><datafield ind1=" " ind2=" " tag="310"><subfield code="a">Weekly</subfield></datafield><datafield ind1="0" ind2=" " tag="362"><subfield code="a">Vol. 11, no. 524 (May 24, 1781)-v. 16, no. 782 (Mar. 30, 1786).</subfield></datafield><datafield ind1=" " ind2=" " tag="500"><subfield code="a">"The noble efforts of a Virtuous, Free and United People, shall extirpate TYRANNY and establish LIBERTY and PEACE."</subfield></datafield><datafield ind1="4" ind2=" " tag="510"><subfield code="a">Brigham, C.S. Amer. newspapers</subfield><subfield code="c">p. 415</subfield></datafield><datafield ind1=" " ind2=" " tag="515"><subfield code="a">Continues numbering of: Thomas's Massachusetts spy, or, American oracle of liberty.</subfield></datafield><datafield ind1=" " ind2=" " tag="515"><subfield code="a">Suspended in Apr. 1786, to protest the state tax on advertisements; replaced by: Worcester magazine (Worcester, Mass. : 1786), not subject to the tax, and resumed with Apr. 3, 1788 issue, after the tax was repealed.</subfield></datafield><datafield ind1=" " ind2=" " tag="530"><subfield code="a">Also issued in micro opaque and microfilm from Readex Microprint Corp; Also available online.</subfield></datafield><datafield ind1=" " ind2=" " tag="555"><subfield code="a">Index: Rice, F.P. Worcester newspaper index, 1783-1848.</subfield></datafield><datafield ind1=" " ind2="0" tag="651"><subfield code="a">Worcester (Mass.)</subfield><subfield code="v">Newspapers.</subfield></datafield><datafield ind1=" " ind2="0" tag="651"><subfield code="a">Worcester County (Mass.)</subfield><subfield code="v">Newspapers.</subfield></datafield><datafield ind1=" " ind2="7" tag="655"><subfield code="a">Newspapers.</subfield><subfield code="2">fast</subfield><subfield code="0">(OCoLC)fst01423814</subfield></datafield><datafield ind1=" " ind2="7" tag="651"><subfield code="a">Massachusetts</subfield><subfield code="z">Worcester.</subfield><subfield code="2">fast</subfield><subfield code="0">(OCoLC)fst01207904</subfield></datafield><datafield ind1=" " ind2="7" tag="651"><subfield code="a">Massachusetts</subfield><subfield code="z">Worcester County.</subfield><subfield code="2">fast</subfield><subfield code="0">(OCoLC)fst01218226</subfield></datafield><datafield ind1="1" ind2=" " tag="700"><subfield code="a">Thomas, Isaiah,</subfield><subfield code="d">1749-1831.</subfield></datafield><datafield ind1=" " ind2=" " tag="752"><subfield code="a">United States</subfield><subfield code="b">Massachusetts</subfield><subfield code="c">Worcester</subfield><subfield code="d">Worcester.</subfield></datafield><datafield ind1="1" ind2=" " tag="776"><subfield code="c">Microfilm</subfield><subfield code="w">(OCoLC)24556253</subfield></datafield><datafield ind1="1" ind2=" " tag="776"><subfield code="c">Micro-opaque</subfield><subfield code="w">(OCoLC)42315304</subfield></datafield><datafield ind1="1" ind2=" " tag="776"><subfield code="t">Thomas's Massachusetts spy, or, the Worcester gazette (Worcester, Mass. : 1781 : Online)</subfield><subfield code="w">(OCoLC)112551726</subfield></datafield><datafield ind1="0" ind2="0" tag="780"><subfield code="t">Thomas's Massachusetts spy, or, American oracle of liberty</subfield><subfield code="w">(DLC)sn 83021196</subfield><subfield code="w">(OCoLC)9935492</subfield></datafield><datafield ind1="0" ind2="0" tag="785"><subfield code="t">Worcester magazine (Worcester, Mass. : 1786)</subfield><subfield code="w">(DLC)sf 89099265</subfield><subfield code="w">(OCoLC)3435450</subfield></datafield><datafield ind1=" " ind2=" " tag="850"><subfield code="a">MH</subfield></datafield><datafield ind1=" " ind2=" " tag="938"><subfield code="a">Kirtas Technologies, Inc.</subfield><subfield code="b">KRTS</subfield><subfield code="n">737469</subfield></datafield></record>